
@book{AESbook,
  author       = {Joan Daemen and Vincent Rijmen},
  title        = {The Design of {Rijndael}: {AES} -- The {Advanced Encryption Standard}},
  series       = {Information Security and Cryptography},
  publisher    = {Springer},
  year         = {2002},
  doi          = {10.1007/978-3-662-04722-4},
  isbn         = {3-540-42580-2},
}

@inproceedings{spKocherHFGGHHLM019,
  author       = {Paul Kocher and
                  Jann Horn and
                  Anders Fogh and
                  Daniel Genkin and
                  Daniel Gruss and
                  Werner Haas and
                  Mike Hamburg and
                  Moritz Lipp and
                  Stefan Mangard and
                  Thomas Prescher and
                  Michael Schwarz and
                  Yuval Yarom},
  title        = {{Spectre} Attacks: Exploiting Speculative Execution},
  booktitle    = {Security and Privacy -- {SP} 2019},
  pages        = {1--19},
  publisher    = {{IEEE}},
  year         = {2019},
  doi          = {10.1109/SP.2019.00002},
}

@article{bstjShannon49,
  author       = {Claude E. Shannon},
  title        = {Communication Theory of Secrecy Systems},
  journal      = {Bell System Technical Journal},
  volume       = {28},
  number       = {4},
  pages        = {656--715},
  publisher    = {Alcatel-Lucent},
  year         = {1949},
  doi          = {10.1002/j.1538-7305.1949.tb00928.x},
}

@misc{iacrSchneierFKR15,
  author       = {Bruce Schneier and
                  Matthew Fredrikson and
                  Tadayoshi Kohno and
                  Thomas Ristenpart},
  title        = {Surreptitiously Weakening Cryptographic Systems},
  howpublished = {IACR Cryptology ePrint Archive, Report 2015/097},
  year         = {2015},
  url          = {https://ia.cr/2015/097},
}

@online{webIAIK21,
  author       = {{IAIK Institute of Applied Information Processing and Communications}},
  key          = {IAIK},
  title        = {Teaching -- {IAIK}},
  url          = {https://www.iaik.tugraz.at/teaching/},
  urldate      = {2021-03-14},
  year         = {2021}
}

@article{regev2010learning,
  title={The learning with errors problem},
  author={Regev, Oded},
  journal={Invited survey in CCC},
  volume={7},
  number={30},
  pages={11},
  year={2010},
  publisher={Citeseer}
}

@inproceedings{micciancio2013hardness,
  title={Hardness of SIS and LWE with small parameters},
  author={Micciancio, Daniele and Peikert, Chris},
  booktitle={Annual cryptology conference},
  pages={21--39},
  year={2013},
  organization={Springer}
}

@INPROCEEDINGS{10129292,
  author={Soni, Deepraj and Nabeel, Mohammed and Gamil, Homer and Mazonka, Oleg and Reagen, Brandon and Karri, Ramesh and Maniatakos, Michail},
  booktitle={2023 24th International Symposium on Quality Electronic Design (ISQED)}, 
  title={Design Space Exploration of Modular Multipliers for ASIC FHE accelerators}, 
  year={2023},
  volume={},
  number={},
  pages={1-8},
  keywords={Measurement;Data protection;Transforms;Throughput;Space exploration;System-on-chip;Cryptography;Modular Multiplier;Barrett Reduction;Montgomery Reduction;Interleaved Multiplier;Lattice-based Cryptography;ASIC acceleration;Design Space Exploration;Polynomial Multiplication;Number Theoretic Transform},
  doi={10.1109/ISQED57927.2023.10129292}}

  @ARTICLE{6918547,
  author={Chen, Donald Donglong and Mentens, Nele and Vercauteren, Frederik and Roy, Sujoy Sinha and Cheung, Ray C. C. and Pao, Derek and Verbauwhede, Ingrid},
  journal={IEEE Transactions on Circuits and Systems I: Regular Papers}, 
  title={High-Speed Polynomial Multiplication Architecture for Ring-LWE and SHE Cryptosystems}, 
  year={2015},
  volume={62},
  number={1},
  pages={157-166},
  keywords={Polynomials;Computer architecture;Encryption;Convolution;Complexity theory;Cryptography;FFT polynomial multiplication;Field-programmable gate array (FPGA);Number theoretic transform (NTT);Pipelined architecture;Polynomial multiplication;Ring-LWE;SHE},
  doi={10.1109/TCSI.2014.2350431}}

@inproceedings{lyubashevsky2010ideal,
  title={On ideal lattices and learning with errors over rings},
  author={Lyubashevsky, Vadim and Peikert, Chris and Regev, Oded},
  booktitle={Advances in Cryptology--EUROCRYPT 2010: 29th Annual International Conference on the Theory and Applications of Cryptographic Techniques, French Riviera, May 30--June 3, 2010. Proceedings 29},
  pages={1--23},
  year={2010},
  organization={Springer}
}

@online{latticesIntro2004,
   author    = {Regev, Oded},
   title     = {Lattices in Computer Science},
   url       = {https://cims.nyu.edu/~regev/teaching/lattices_fall_2004/ln/introduction.pdf},
   note      = {Accessed: 2024-11-27}
}

@online{discreteGMeasuresLattices,
   author    = {Zhongxiang Zheng},
   title     = {Discrete Gaussian Measures and New Bounds of the Smoothing Parameter for Lattices},
   url       = {https://eprint.iacr.org/2018/786.pdf},
   note      = {Accessed: 2024-11-28}
}

@article{WCToAVGCase,
author = { Micciancio, Daniele and  Regev, Oded},
title = {Worst‐Case to Average‐Case Reductions Based on Gaussian Measures},
journal = {SIAM Journal on Computing},
volume = {37},
number = {1},
pages = {267-302},
year = {2007},
doi = {10.1137/S0097539705447360},

URL = { https://doi.org/10.1137/S0097539705447360},
eprint = { https://doi.org/10.1137/S0097539705447360}
}

@online{latticesInPQC,
   author    = {Eichlseder, Maria},
   title     = {Cryptography - L8 - Asymmetric Cryptography - Post Quantum Cryptography},
   url       = {https://seafile.iaik.tugraz.at/seafhttp/files/f2f6fbbf-20c1-4123-ae6b-20e71e4cefbc/L8_Asymmetric_Crypto_PostQuantum.pdf},
   note      = {Accessed: 2024-11-30}
}

@article{montgomery1985modular,
  title={Modular multiplication without trial division},
  author={Montgomery, Peter L},
  journal={Mathematics of computation},
  volume={44},
  number={170},
  pages={519--521},
  year={1985}
}

@INPROCEEDINGS{7219961,
  author={Renardy, Antonius P. and Ahmadi, Nur and Fadila, Ashbir A. and Shidqi, Naufal and Adiono, Trio},
  booktitle={2015 International Seminar on Intelligent Technology and Its Applications (ISITIA)}, 
  title={Hardware implementation of montgomery modular multiplication algorithm using iterative architecture}, 
  year={2015},
  volume={},
  number={},
  pages={99-102},
  keywords={RSA Cryptosystem;Modular Multiplication;Montgomery's Algorithm;Iterative Architecture;FPGA},
  doi={10.1109/ISITIA.2015.7219961}}

@inproceedings{barrett1986implementing,
  title={Implementing the Rivest Shamir and Adleman public key encryption algorithm on a standard digital signal processor},
  author={Barrett, Paul},
  booktitle={Conference on the Theory and Application of Cryptographic Techniques},
  pages={311--323},
  year={1986},
  organization={Springer}
}

@INPROCEEDINGS{4272869,
  author={Hasenplaugh, William and Gaubatz, Gunnar and Gopal, Vinodh},
  booktitle={18th IEEE Symposium on Computer Arithmetic (ARITH '07)}, 
  title={Fast Modular Reduction}, 
  year={2007},
  volume={},
  number={},
  pages={225-229},
  keywords={Costs;Runtime;Public key cryptography;Public key;Arithmetic;Elliptic curves;Yarn;Interleaved codes;Educational institutions;Computer architecture},
  doi={10.1109/ARITH.2007.18}}

@online{ModArith,
  author    = {Sujoy Sinha Roy},
  title     = {Selected Topics - Cryptography on HW Platform - Modular Arithmetic Techniques},
  url       = {https://seafile.iaik.tugraz.at/seafhttp/files/f2f6fbbf-20c1-4123-ae6b-20e71e4cefbc/L8_Asymmetric_Crypto_PostQuantum.pdf},
  note      = {Accessed: 2024-12-12}
}

@article{gursoy2022privacy,
  title={Privacy-preserving genotype imputation with fully homomorphic encryption},
  author={G{\"u}rsoy, Gamze and Chielle, Eduardo and Brannon, Charlotte M and Maniatakos, Michail and Gerstein, Mark},
  journal={Cell systems},
  volume={13},
  number={2},
  pages={173--182},
  year={2022},
  publisher={Elsevier}
}

@online{2018crystals,
  title={CRYSTALS-Dilithium: A Lattice-Based Digital Signature Scheme.},
  author={IACR Transactions on Cryptographic Hardware and Embedded Systems},
  pages={238-268},
  year={2018},
  doi={https://doi.org/10.13154/tches.v2018.i1.238-268}
}
@inproceedings{kong2006comparison,
  title={Comparison of Montgomery and Barrett modular multipliers on FPGAs},
  author={Kong, Yinan and Phillips, Braden},
  booktitle={2006 Fortieth Asilomar Conference on Signals, Systems and Computers},
  pages={1687--1691},
  year={2006},
  organization={IEEE}
}

@INPROCEEDINGS{10129292,
  author={Soni, Deepraj and Nabeel, Mohammed and Gamil, Homer and Mazonka, Oleg and Reagen, Brandon and Karri, Ramesh and Maniatakos, Michail},
  booktitle={2023 24th International Symposium on Quality Electronic Design (ISQED)}, 
  title={Design Space Exploration of Modular Multipliers for ASIC FHE accelerators}, 
  year={2023},
  volume={},
  number={},
  pages={1-8},
  keywords={Measurement;Data protection;Transforms;Throughput;Space exploration;System-on-chip;Cryptography;Modular Multiplier;Barrett Reduction;Montgomery Reduction;Interleaved Multiplier;Lattice-based Cryptography;ASIC acceleration;Design Space Exploration;Polynomial Multiplication;Number Theoretic Transform},
  doi={10.1109/ISQED57927.2023.10129292}}